<record><leader>00000cas a22000007a 4500</leader><controlfield tag="001">11714843</controlfield><controlfield tag="008">850220d18261827nyucr ne      0    0eng d</controlfield><datafield ind1=" " ind2=" " tag="010"><subfield code="a">sn 85054430 </subfield></datafield><datafield ind1=" " ind2=" " tag="040"><subfield code="a">NYG</subfield><subfield code="b">eng</subfield><subfield code="c">NYG</subfield><subfield code="d">OCL</subfield><subfield code="d">NPX</subfield><subfield code="d">DLC</subfield><subfield code="d">NYS</subfield><subfield code="d">NYG</subfield><subfield code="d">NYS</subfield><subfield code="d">CNW</subfield><subfield code="d">OCL</subfield><subfield code="d">OCLCF</subfield><subfield code="d">OCLCO</subfield></datafield><datafield ind1=" " ind2=" " tag="042"><subfield code="a">msc</subfield></datafield><datafield ind1="0" ind2="0" tag="050"><subfield code="a">Newspaper 9124</subfield></datafield><datafield ind1="0" ind2="4" tag="245"><subfield code="a">The Troy budget &amp; city register.</subfield></datafield><datafield ind1="0" ind2="0" tag="246"><subfield code="a">Troy budget and city register</subfield></datafield><datafield ind1="0" ind2="3" tag="246"><subfield code="a">Budget &amp; city register</subfield></datafield><datafield ind1=" " ind2=" " tag="260"><subfield code="a">Troy, [N.Y.] :</subfield><subfield code="b">Zephaniah Clark,</subfield><subfield code="c">1826-1827.</subfield></datafield><datafield ind1=" " ind2=" " tag="300"><subfield code="a">v. :</subfield><subfield code="b">ill. (chiefly advertisements) ;</subfield><subfield code="c">54 cm.</subfield></datafield><datafield ind1=" " ind2=" " tag="310"><subfield code="a">Semiweekly</subfield></datafield><datafield ind1="0" ind2=" " tag="362"><subfield code="a">New ser., v. 1, no. 1 (Jan. 3, 1826)-v. 2, no. 105 (Dec. 28, 1827).</subfield></datafield><datafield ind1=" " ind2=" " tag="500"><subfield code="a">Publishers: Zephaniah Clark, 1826-1827; John C. Kemble, 1827.</subfield></datafield><datafield ind1=" " ind2=" " tag="500"><subfield code="a">Editors: George Butler, &lt;1826&gt;; John C. Kemble, &lt;1827&gt;.</subfield></datafield><datafield ind1=" " ind2=" " tag="580"><subfield code="a">Weekly ed.: Northern budget (Lansingburgh, N.Y.).</subfield></datafield><datafield ind1=" " ind2="0" tag="651"><subfield code="a">Troy (N.Y.)</subfield><subfield code="v">Newspapers.</subfield></datafield><datafield ind1=" " ind2="7" tag="655"><subfield code="a">Newspapers.</subfield><subfield code="2">fast</subfield><subfield code="0">(OCoLC)fst01423814</subfield></datafield><datafield ind1=" " ind2="7" tag="651"><subfield code="a">New York (State)</subfield><subfield code="z">Troy.</subfield><subfield code="2">fast</subfield><subfield code="0">(OCoLC)fst01202806</subfield></datafield><datafield ind1=" " ind2=" " tag="752"><subfield code="a">United States</subfield><subfield code="b">New York</subfield><subfield code="c">Rensselaer</subfield><subfield code="d">Troy.</subfield></datafield><datafield ind1="1" ind2=" " tag="775"><subfield code="t">Northern budget (Lansingburgh, N.Y.)</subfield><subfield code="w">(DLC)sn 83032000</subfield></datafield><datafield ind1="0" ind2="0" tag="785"><subfield code="t">Troy budget (Troy, N.Y. : Semiweekly)</subfield><subfield code="w">(DLC)sn 83031805</subfield></datafield></record>